<?xml version="1.0" encoding="UTF-8"?><collection xmlns="http://www.loc.gov/MARC21/slim"><record><leader>00503nam--2200193-u-4500</leader><controlfield tag="001">000052721</controlfield><controlfield tag="002">20161230</controlfield><controlfield tag="005">20170128000510</controlfield><controlfield tag="008">101005s1000------------r-----000-0-runsd</controlfield><datafield ind1=" " ind2=" " tag="040"><subfield code="a">IFIN-HH</subfield></datafield><datafield ind1=" " ind2=" " tag="041"><subfield code="a">rus</subfield></datafield><datafield ind1=" " ind2=" " tag="080"><subfield code="a">534.1+538.56</subfield></datafield><datafield ind1="1" ind2=" " tag="100"><subfield code="a">Andronov, A. A</subfield></datafield><datafield ind1="1" ind2="0" tag="245"><subfield code="a">Teoria kolebanii</subfield><subfield code="c">A.A. Andronov, A.A. Vitt, S.E. Haikin</subfield></datafield><datafield ind1=" " ind2=" " tag="260"><subfield code="a">Moskva</subfield><subfield code="b">Fiziko-Matematiceskoi Literaturi</subfield><subfield code="c">1959</subfield></datafield><datafield ind1=" " ind2=" " tag="300"><subfield code="a">915 p</subfield></datafield><datafield ind1="1" ind2=" " tag="700"><subfield code="a">Haikin, S. E</subfield></datafield><datafield ind1=" " ind2=" " tag="852"><subfield code="a">6056</subfield><subfield code="c">534</subfield></datafield><datafield ind1=" " ind2=" " tag="CAT"><subfield code="a">SYS</subfield><subfield code="c">20170128</subfield><subfield code="h">000510</subfield></datafield></record></collection>